Бьерн Страуструп. Язык программирования С++. Пер. с англ.- М.: «Издательство БИНОМ», 2004. – 1098 с.
@book{straus,
    author = "Бьерн Страуструп",
    title = "Язык программирования С++",
    year = 2004,
    address = "М.",
    publisher = "Издательство БИНОМ",
    pages = "1098",
    language = "russian"
}

Скляров В.А. Язык С++ и объектно-ориентированное программирование. Мн.: Выш.шк., 1997г. – 478 с.: ил
@book{straus,
    author = "Скляров В.А.",
    title = "Язык С++ и объектно-ориентированное программирование",
    year = 1997,
    address = "М.",
    publisher = "Выш.шк.",
    pages = "478",
    language = "russian"
}

Дейтел Х., Дейтел П. Как программировать на С++. Пер. с англ. – М.: ЗАО «Издательство БИНОМ», 2001. – 1152 с.: ил.
@book{straus,
    author = "Дейтел Х., Дейтел П.",
    title = "Как программировать на С++",
    year = 2001,
    address = "М.",
    publisher = "Издательство БИНОМ",
    pages = "1152",
    language = "russian"
}

Луцик Ю.А., Ковальчук А.М., Лукьянова И.В. Объектно-ориентированное программирование на языке С++. Мн.: БГУИР, 2003. – 203 с.: ил.
@book{straus,
    author = "Луцик Ю.А., Ковальчук А.М., Лукьянова И.В.",
    title = "Объектно-ориентированное программирование на языке С++",
    year = 2003,
    address = "М.",
    publisher = "Издательство БИНОМ",
    pages = "203",
    language = "russian"
}

Фримен Э., Фримен Э., Сьерра К., Бейтс Б. Паттерны проектирования. – «Питер», 2011 г. – 656 с.
@book{straus,
    author = "Фримен Э., Фримен Э., Сьерра К., Бейтс Б.",
    title = "Паттерны проектирования",
    year = 2004,
    address = "М.",
    publisher = "Питер",
    pages = "656",
    language = "russian"
}